@article{langmuir26,
    author = "Mott-Smith, H. and Langmuir, I.",
    title = "The theory of collectors in gaseous discharges",
    journal = "Phys. Rev.",
    volume = "28",
    year = "1926",
    langid = "english"
}

@inbook{morse74,
    author = "Морз, Р.",
    title = "Бесстолкновительный PIC-метод",
    booktitle = "Вычислительные методы в физике плазмы",
    editor = "Олдера, Б. and Фернбаха, С. and Ротенберга, М.",
    publisher = "М.: Мир",
    year = 1974,
    langid = "russian"
}

@conference{kiselyov14_conf,
    author = "Киселёв, А. А. and Долгоносов М. С. and Красовский В. Л.",
    title = "Численное моделирование захвата ионов бесстолкновительной плазмы электрическим полем поглощающей сферы",
    booktitle = "Девятая ежегодная конференция <<Физика плазмы в Солнечной системе>>",
    year = 2014,
    langid = "russian"
}

\begin{thebibliography}{99}
\bibitem{mlir_main}
MLIR. Multi-Level Intermediate Representation. URL: \url{https://mlir.llvm.org/} (дата обращения: 16.06.2025)
\bibitem{tf_mlir}
TensorFlow. MLIR: A new intermediate representation and compiler framework. The TensorFlow Blog, 2019. URL: \url{https://blog.tensorflow.org/2019/04/mlir-new-intermediate-representation.html} (дата обращения: 16.06.2025)
\bibitem{tf_profiler}
TensorFlow. Introducing the new TensorFlow Profiler. The TensorFlow Blog, 2020. URL: \url{https://blog.tensorflow.org/2020/04/introducing-new-tensorflow-profiler.html} (дата обращения: 16.06.2025)
\bibitem{pytorch_profiler}
PyTorch. PyTorch Profiler. URL: \url{https://pytorch.org/tutorials/recipes/recipes/profiler_recipe.html} (дата обращения: 16.06.2025)
\bibitem{iree_main}
IREE. Intermediate Representation Execution Environment. URL: \url{https://iree.dev/} (дата обращения: 16.06.2025)
\bibitem{iree_tracy}
IREE. Profiling with Tracy. URL: \url{https://iree.dev/developers/performance/profiling-with-tracy/} (дата обращения: 16.06.2025)
\bibitem{mlir_traceability}
LLVM Discourse. Traceability support in MLIR/iree? 2023. URL: \url{https://discourse.llvm.org/t/traceability-support-in-mlir-iree/70109} (дата обращения: 16.06.2025)
\end{thebibliography}